<record><leader>00000cas a22000007a 4500</leader><controlfield tag="001">53481589</controlfield><controlfield tag="008">031121c20039999mtucr n       0   a0eng c</controlfield><datafield ind1=" " ind2=" " tag="010"><subfield code="a">  2003214337</subfield></datafield><datafield ind1=" " ind2=" " tag="040"><subfield code="a">NSD</subfield><subfield code="b">eng</subfield><subfield code="c">NSD</subfield><subfield code="d">OCLCQ</subfield></datafield><datafield ind1=" " ind2=" " tag="012"><subfield code="m">1</subfield></datafield><datafield ind1="0" ind2=" " tag="022"><subfield code="a">1547-6170</subfield><subfield code="l">1547-6170</subfield><subfield code="2">1</subfield></datafield><datafield ind1=" " ind2=" " tag="032"><subfield code="a">495760</subfield><subfield code="b">USPS</subfield></datafield><datafield ind1=" " ind2=" " tag="037"><subfield code="b">Sidney Herald, 310 2nd Ave. N.E., Sidney, MT 59270</subfield><subfield code="c">$41.00</subfield><subfield code="c">$73.00 (foreign)</subfield></datafield><datafield ind1=" " ind2=" " tag="042"><subfield code="a">nsdp</subfield><subfield code="a">pcc</subfield></datafield><datafield ind1="1" ind2="0" tag="050"><subfield code="a">ISSN RECORD</subfield></datafield><datafield ind1="1" ind2="0" tag="082"><subfield code="a">070</subfield><subfield code="2">13</subfield></datafield><datafield ind1="0" ind2=" " tag="130"><subfield code="a">Sidney herald (Sidney, Mont. : 2003)</subfield></datafield><datafield ind1=" " ind2="0" tag="222"><subfield code="a">Sidney herald</subfield><subfield code="b">(2003)</subfield></datafield><datafield ind1="1" ind2="0" tag="245"><subfield code="a">Sidney herald.</subfield></datafield><datafield ind1=" " ind2=" " tag="260"><subfield code="a">Sidney, MT :</subfield><subfield code="b">Libby Berndt</subfield></datafield><datafield ind1=" " ind2=" " tag="300"><subfield code="a">v.</subfield></datafield><datafield ind1=" " ind2=" " tag="310"><subfield code="a">Semiweekly</subfield></datafield><datafield ind1="1" ind2=" " tag="362"><subfield code="a">Began in 2003.</subfield></datafield><datafield ind1=" " ind2=" " tag="588"><subfield code="a">Description based on: 95th year, no. 90 (Nov. 9, 2003) (surrogate); title from caption.</subfield></datafield><datafield ind1=" " ind2=" " tag="752"><subfield code="a">United States</subfield><subfield code="b">Montana</subfield><subfield code="c">Richland</subfield><subfield code="d">Sidney.</subfield></datafield><datafield ind1="0" ind2="0" tag="780"><subfield code="t">Sidney herald-leader</subfield><subfield code="x">0898-087X</subfield><subfield code="w">(DLC)sn 88001013</subfield><subfield code="w">(OCoLC)17717985</subfield></datafield><datafield ind1="1" ind2=" " tag="029"><subfield code="a">AU@</subfield><subfield code="b">000025139909</subfield></datafield></record>